<record><leader>00000cas a22000007a 4500</leader><controlfield tag="001">9305712</controlfield><controlfield tag="008">830314d18441920ohuwr ne      0    0eng d</controlfield><datafield ind1=" " ind2=" " tag="010"><subfield code="a">sn 83035588 </subfield></datafield><datafield ind1=" " ind2=" " tag="040"><subfield code="a">BGU</subfield><subfield code="b">eng</subfield><subfield code="c">BGU</subfield><subfield code="d">NPY</subfield><subfield code="d">NPX</subfield><subfield code="d">DLC</subfield><subfield code="d">NPU</subfield><subfield code="d">ONP</subfield><subfield code="d">OCLCQ</subfield></datafield><datafield ind1=" " ind2=" " tag="042"><subfield code="a">msc</subfield></datafield><datafield ind1="0" ind2="0" tag="050"><subfield code="a">Newspaper 9214-X</subfield></datafield><datafield ind1="0" ind2=" " tag="130"><subfield code="a">Defiance Democrat (Defiance, Ohio : 1844)</subfield></datafield><datafield ind1="1" ind2="0" tag="245"><subfield code="a">Defiance Democrat.</subfield></datafield><datafield ind1=" " ind2=" " tag="260"><subfield code="a">Defiance, Ohio :</subfield><subfield code="b">A.H. Palmer,</subfield><subfield code="c">-1920.</subfield></datafield><datafield ind1=" " ind2=" " tag="300"><subfield code="a">v. :</subfield><subfield code="b">ill. (chiefly advertisements) ;</subfield><subfield code="c">50-74 cm.</subfield></datafield><datafield ind1=" " ind2=" " tag="310"><subfield code="a">Weekly,</subfield><subfield code="b">1916-Jan. 1, 1920</subfield></datafield><datafield ind1=" " ind2=" " tag="321"><subfield code="a">Weekly,</subfield><subfield code="b">July 17, 1844-1910</subfield></datafield><datafield ind1=" " ind2=" " tag="321"><subfield code="a">Semiweekly,</subfield><subfield code="b">1911-1915</subfield></datafield><datafield ind1="1" ind2=" " tag="362"><subfield code="a">Began with July 17, 1844 issue.</subfield></datafield><datafield ind1="0" ind2=" " tag="362"><subfield code="a">-v. 76, no. 28 (Jan. 1, 1920).</subfield></datafield><datafield ind1=" " ind2=" " tag="500"><subfield code="a">Publishers: Jacob J. Green, &lt;1852-1861&gt;; A.H. Palmer, &lt;1873&gt;; White &amp; Blymyer, &lt;1876&gt;.</subfield></datafield><datafield ind1=" " ind2=" " tag="500"><subfield code="a">"Democratic." Cf. Gutgesell, S. Guide to Ohio newspapers, 1974.</subfield></datafield><datafield ind1=" " ind2=" " tag="500"><subfield code="a">Editor: A.H. Palmer, &lt;1844&gt;; Jacob J. Green, &lt;1852-1861, 1873&gt;.</subfield></datafield><datafield ind1=" " ind2=" " tag="588"><subfield code="a">Description based on: Vol. 1, no. 4 (Aug. 7, 1844).</subfield></datafield><datafield ind1="1" ind2=" " tag="700"><subfield code="a">Palmer, A. H.</subfield></datafield><datafield ind1=" " ind2=" " tag="752"><subfield code="a">United States</subfield><subfield code="b">Ohio</subfield><subfield code="c">Defiance</subfield><subfield code="d">Defiance.</subfield></datafield><datafield ind1=" " ind2=" " tag="752"><subfield code="a">United States</subfield><subfield code="b">Ohio</subfield><subfield code="c">Williams</subfield><subfield code="d">Defiance.</subfield></datafield></record>